@article{real2000homological,
	title={Homological perturbation theory and associativity},
	author={Real, Pedro},
	journal={Homology, Homotopy and Applications},
	volume={2},
	number={1},
	pages={51--88},
	year={2000},
	publisher={International Press of Boston}
}